
    <zs:record>
      <zs:recordSchema/>
      <zs:recordPacking>xml</zs:recordPacking>
      <zs:recordData>
        <record xmlns="http://www.loc.gov/MARC21/slim">
          <leader>02436cam a2200325   4500</leader>
          <controlfield tag="001">4615040</controlfield>
          <controlfield tag="005">20021002145609.0</controlfield>
          <controlfield tag="008">720905r19721898nyub     b    001 0 eng  </controlfield>
          <datafield tag="035" ind1=" " ind2=" ">
            <subfield code="9">(DLC)   77144522</subfield>
          </datafield>
          <datafield tag="906" ind1=" " ind2=" ">
            <subfield code="a">7</subfield>
            <subfield code="b">cbc</subfield>
            <subfield code="c">orignew</subfield>
            <subfield code="d">1</subfield>
            <subfield code="e">ncip</subfield>
            <subfield code="f">19</subfield>
            <subfield code="g">y-gencatlg</subfield>
          </datafield>
          <datafield tag="010" ind1=" " ind2=" ">
            <subfield code="a">   77144522 </subfield>
          </datafield>
          <datafield tag="020" ind1=" " ind2=" ">
            <subfield code="a">0404535534</subfield>
          </datafield>
          <datafield tag="040" ind1=" " ind2=" ">
            <subfield code="a">DLC</subfield>
            <subfield code="c">DLC</subfield>
            <subfield code="d">DLC</subfield>
          </datafield>
          <datafield tag="041" ind1="1" ind2=" ">
            <subfield code="a">engiri</subfield>
          </datafield>
          <datafield tag="043" ind1=" " ind2=" ">
            <subfield code="a">e-uk-ni</subfield>
          </datafield>
          <datafield tag="050" ind1="0" ind2="0">
            <subfield code="a">PB1423.C8</subfield>
            <subfield code="b">H8 1972</subfield>
          </datafield>
          <datafield tag="082" ind1="0" ind2="0">
            <subfield code="a">891.6/2/31</subfield>
          </datafield>
          <datafield tag="245" ind1="0" ind2="4">
            <subfield code="a">The Cuchullin saga in Irish literature;</subfield>
            <subfield code="b">being a collection of stories relating to the hero Cuchullin.</subfield>
            <subfield code="c">Translated from the Irish by various scholars. Compiled and edited, with introd. and notes, by Eleanor Hull. London, D. Nutt, 1898.</subfield>
          </datafield>
          <datafield tag="260" ind1=" " ind2=" ">
            <subfield code="a">[New York,</subfield>
            <subfield code="b">AMS Press,</subfield>
            <subfield code="c">1972]</subfield>
          </datafield>
          <datafield tag="300" ind1=" " ind2=" ">
            <subfield code="a">lxxix, 316 p.</subfield>
            <subfield code="b">map.</subfield>
            <subfield code="c">19 cm.</subfield>
          </datafield>
          <datafield tag="500" ind1=" " ind2=" ">
            <subfield code="a">Original ed. issued as no. 8 of Grimm library.</subfield>
          </datafield>
          <datafield tag="504" ind1=" " ind2=" ">
            <subfield code="a">Includes bibliographical references.</subfield>
          </datafield>
          <datafield tag="505" ind1="0" ind2=" ">
            <subfield code="a">The birth of Conachar, adapted from the translation of K. Meyer.--How Conachar gained the kingship over Ulster, adapted from the translation of E. O'Curry.--The origin of Cuchullin, from the French translation of M. L. Duvau.--Tragical death of the sons of Usnach, from the translations by W. Stokes and O'Flanagan.--The wooing of Emer and Cuchullin's education under Scathach, translated by K. Meyer.--The siege of Howth, translated by W. Stokes.--The debility of the Ultonian warriors, from the German of E. Windisch.--The appearance of the Morrigu to Cuchullin before the Ta패in bo패 Cuailgne, from the German of E. Windisch.--The Ta패in bo패 Cuailgne, analysis with extracts by S. H. O'Grady.--The instruction of Cuchullin to a prince, from the translations of E. O'Curry and M. D'Arbois de Jubainville.--The great defeat on the plain of Muirthemne before Cuchullin's death, translated by S. H. O'Grady.--The tragical death of Cuchullin, translated by W. Stokes.--The tragical death of King Conachar, from the translation by E. O'Curry.--The phantom chariot of Cuchullin, from the translation by O'Beirne Crowe.</subfield>
          </datafield>
          <datafield tag="650" ind1=" " ind2="0">
            <subfield code="a">Epic literature, Irish</subfield>
            <subfield code="x">Translations into English.</subfield>
          </datafield>
          <datafield tag="650" ind1=" " ind2="0">
            <subfield code="a">Cuchulain (Legendary character)</subfield>
          </datafield>
          <datafield tag="650" ind1=" " ind2="0">
            <subfield code="a">Heroes</subfield>
            <subfield code="z">Ulster (Northern Ireland and Ireland)</subfield>
          </datafield>
          <datafield tag="650" ind1=" " ind2="0">
            <subfield code="a">Mythology, Celtic</subfield>
            <subfield code="z">Ulster (Northern Ireland and Ireland)</subfield>
          </datafield>
          <datafield tag="650" ind1=" " ind2="0">
            <subfield code="a">Tales</subfield>
            <subfield code="z">Ulster (Northern Ireland and Ireland)</subfield>
          </datafield>
          <datafield tag="700" ind1="1" ind2=" ">
            <subfield code="a">Hull, Eleanor,</subfield>
            <subfield code="d">1860-1935,</subfield>
            <subfield code="e">ed.</subfield>
          </datafield>
          <datafield tag="991" ind1=" " ind2=" ">
            <subfield code="b">c-GenColl</subfield>
            <subfield code="h">PB1423.C8</subfield>
            <subfield code="i">H8 1972</subfield>
            <subfield code="p">0003127557A</subfield>
            <subfield code="t">Copy 1</subfield>
            <subfield code="w">BOOKS</subfield>
          </datafield>
        </record>
      </zs:recordData>
      <zs:recordPosition>3</zs:recordPosition>
    </zs:record>