
    <zs:record>
      <zs:recordSchema/>
      <zs:recordPacking>xml</zs:recordPacking>
      <zs:recordData>
        <record xmlns="http://www.loc.gov/MARC21/slim">
          <leader>01010cam a2200253 a 4500</leader>
          <controlfield tag="001">17157502</controlfield>
          <controlfield tag="005">20120213144115.0</controlfield>
          <controlfield tag="008">120209s1913    ilufh    b    000 0 eng  </controlfield>
          <datafield tag="906" ind1=" " ind2=" ">
            <subfield code="a">7</subfield>
            <subfield code="b">cbc</subfield>
            <subfield code="c">orignew</subfield>
            <subfield code="d">2</subfield>
            <subfield code="e">ncip</subfield>
            <subfield code="f">20</subfield>
            <subfield code="g">y-genrareb</subfield>
          </datafield>
          <datafield tag="955" ind1=" " ind2=" ">
            <subfield code="b">he03 2012-02-09</subfield>
            <subfield code="i">he03 2012-02-09</subfield>
          </datafield>
          <datafield tag="010" ind1=" " ind2=" ">
            <subfield code="a">  2012656416</subfield>
          </datafield>
          <datafield tag="040" ind1=" " ind2=" ">
            <subfield code="a">DLC</subfield>
            <subfield code="c">DLC</subfield>
          </datafield>
          <datafield tag="041" ind1="1" ind2=" ">
            <subfield code="a">eng</subfield>
            <subfield code="h">gle</subfield>
          </datafield>
          <datafield tag="042" ind1=" " ind2=" ">
            <subfield code="a">pcc</subfield>
          </datafield>
          <datafield tag="043" ind1=" " ind2=" ">
            <subfield code="a">e-ie---</subfield>
          </datafield>
          <datafield tag="050" ind1="0" ind2="0">
            <subfield code="a">PB1424</subfield>
            <subfield code="b">.P58 1913</subfield>
          </datafield>
          <datafield tag="245" ind1="0" ind2="4">
            <subfield code="a">The poem-book of the Gael :</subfield>
            <subfield code="b">translations from Irish Gaelic poetry into English prose and verse /</subfield>
            <subfield code="c">selected and edited by Eleanor Hull.</subfield>
          </datafield>
          <datafield tag="260" ind1=" " ind2=" ">
            <subfield code="a">Chicago :</subfield>
            <subfield code="b">Browne &amp; Howell Co. ;</subfield>
            <subfield code="a">London :</subfield>
            <subfield code="b">Chatto &amp; Windus,</subfield>
            <subfield code="c">1913.</subfield>
          </datafield>
          <datafield tag="300" ind1=" " ind2=" ">
            <subfield code="a">xxxviii, 370 p., [1] leaf of plates :</subfield>
            <subfield code="b">facsim. ;</subfield>
            <subfield code="c">19 cm.</subfield>
          </datafield>
          <datafield tag="504" ind1=" " ind2=" ">
            <subfield code="a">Includes bibliographical references.</subfield>
          </datafield>
          <datafield tag="561" ind1=" " ind2=" ">
            <subfield code="a">LC copy from the library of Oliver Wendell Holmes Jr.</subfield>
            <subfield code="5">DLC</subfield>
          </datafield>
          <datafield tag="650" ind1=" " ind2="0">
            <subfield code="a">Irish poetry</subfield>
            <subfield code="v">Translations into English.</subfield>
          </datafield>
          <datafield tag="700" ind1="1" ind2=" ">
            <subfield code="a">Hull, Eleanor,</subfield>
            <subfield code="d">1860-1935,</subfield>
            <subfield code="e">tr.</subfield>
          </datafield>
          <datafield tag="710" ind1="2" ind2=" ">
            <subfield code="a">Oliver Wendell Holmes Collection (Library of Congress)</subfield>
            <subfield code="5">DLC</subfield>
          </datafield>
        </record>
      </zs:recordData>
      <zs:recordPosition>4</zs:recordPosition>
    </zs:record>