
    <zs:record>
      <zs:recordSchema/>
      <zs:recordPacking>xml</zs:recordPacking>
      <zs:recordData>
        <record xmlns="http://www.loc.gov/MARC21/slim">
          <leader>00908cam a2200265   4500</leader>
          <controlfield tag="001">1703425</controlfield>
          <controlfield tag="005">19841024000000.0</controlfield>
          <controlfield tag="008">680810s1968    nyua   j      000 1 eng  </controlfield>
          <datafield tag="035" ind1=" " ind2=" ">
            <subfield code="9">(DLC)   68018449</subfield>
          </datafield>
          <datafield tag="906" ind1=" " ind2=" ">
            <subfield code="a">7</subfield>
            <subfield code="b">cbc</subfield>
            <subfield code="c">orignew</subfield>
            <subfield code="d">u</subfield>
            <subfield code="e">ncip</subfield>
            <subfield code="f">19</subfield>
            <subfield code="g">y-gencatlg</subfield>
          </datafield>
          <datafield tag="010" ind1=" " ind2=" ">
            <subfield code="a">   68018449 </subfield>
          </datafield>
          <datafield tag="040" ind1=" " ind2=" ">
            <subfield code="a">DLC</subfield>
            <subfield code="c">DLC</subfield>
            <subfield code="d">DLC</subfield>
          </datafield>
          <datafield tag="042" ind1=" " ind2=" ">
            <subfield code="a">lcac</subfield>
          </datafield>
          <datafield tag="050" ind1="0" ind2="0">
            <subfield code="a">PZ7.H8775</subfield>
            <subfield code="b">Tr</subfield>
          </datafield>
          <datafield tag="082" ind1="0" ind2="0">
            <subfield code="a">[Fic]</subfield>
            <subfield code="2">19</subfield>
          </datafield>
          <datafield tag="100" ind1="1" ind2=" ">
            <subfield code="a">Hull, Eleanor (Means)</subfield>
          </datafield>
          <datafield tag="245" ind1="1" ind2="2">
            <subfield code="a">A trainful of strangers</subfield>
            <subfield code="c">[by] Eleanor Hull. Drawings by Joan Sandin.</subfield>
          </datafield>
          <datafield tag="250" ind1=" " ind2=" ">
            <subfield code="a">[1st ed.]</subfield>
          </datafield>
          <datafield tag="260" ind1=" " ind2=" ">
            <subfield code="a">New York,</subfield>
            <subfield code="b">Atheneum,</subfield>
            <subfield code="c">1968.</subfield>
          </datafield>
          <datafield tag="300" ind1=" " ind2=" ">
            <subfield code="a">114 p.</subfield>
            <subfield code="b">illus.</subfield>
            <subfield code="c">22 cm.</subfield>
          </datafield>
          <datafield tag="350" ind1=" " ind2=" ">
            <subfield code="a">$3.95</subfield>
          </datafield>
          <datafield tag="520" ind1=" " ind2=" ">
            <subfield code="a">A group of children from different parts of New York City become acquainted when their subway train breaks down in the middle of the tunnel.</subfield>
          </datafield>
          <datafield tag="650" ind1=" " ind2="1">
            <subfield code="a">Prejudices</subfield>
            <subfield code="x">Fiction.</subfield>
          </datafield>
          <datafield tag="650" ind1=" " ind2="1">
            <subfield code="a">Friendship</subfield>
            <subfield code="x">Fiction.</subfield>
          </datafield>
          <datafield tag="991" ind1=" " ind2=" ">
            <subfield code="b">c-GenColl</subfield>
            <subfield code="h">PZ7.H8775</subfield>
            <subfield code="i">Tr</subfield>
            <subfield code="p">00024754522</subfield>
            <subfield code="t">Copy 1</subfield>
            <subfield code="w">BOOKS</subfield>
          </datafield>
        </record>
      </zs:recordData>
      <zs:recordPosition>29</zs:recordPosition>
    </zs:record>